<record><leader>00000cas a2200000 a 4500</leader><controlfield tag="001">50316320</controlfield><controlfield tag="006">m     o  d        </controlfield><controlfield tag="007">cr an|||||||||</controlfield><controlfield tag="008">020807d18241826riuwr nso     0    0eng  </controlfield><datafield ind1=" " ind2=" " tag="010"><subfield code="a">  2009233237</subfield></datafield><datafield ind1=" " ind2=" " tag="040"><subfield code="a">APSON</subfield><subfield code="b">eng</subfield><subfield code="c">APSON</subfield><subfield code="d">OCLCQ</subfield><subfield code="d">OCLCG</subfield><subfield code="d">GUA</subfield><subfield code="d">OCLCQ</subfield><subfield code="d">OCLCF</subfield><subfield code="d">OCLCO</subfield><subfield code="d">OCLCQ</subfield></datafield><datafield ind1=" " ind2=" " tag="042"><subfield code="a">pcc</subfield></datafield><datafield ind1=" " ind2=" " tag="043"><subfield code="a">n-us-ri</subfield></datafield><datafield ind1="1" ind2="4" tag="050"><subfield code="a">BX9901</subfield></datafield><datafield ind1="0" ind2="4" tag="082"><subfield code="a">051</subfield></datafield><datafield ind1="0" ind2=" " tag="130"><subfield code="a">Christian telescope (Online)</subfield></datafield><datafield ind1="1" ind2="0" tag="245"><subfield code="a">Christian telescope.</subfield></datafield><datafield ind1="1" ind2=" " tag="246"><subfield code="i">Some providers list issues under title:</subfield><subfield code="a">Christian telescope and Universalist miscellany</subfield></datafield><datafield ind1=" " ind2=" " tag="260"><subfield code="a">Providence, R.I. :</subfield><subfield code="b">Bazillai Cranston,</subfield><subfield code="c">-1826.</subfield></datafield><datafield ind1=" " ind2=" " tag="310"><subfield code="a">Weekly</subfield></datafield><datafield ind1=" " ind2=" " tag="336"><subfield code="a">text</subfield><subfield code="b">txt</subfield><subfield code="2">rdacontent</subfield></datafield><datafield ind1=" " ind2=" " tag="337"><subfield code="a">computer</subfield><subfield code="b">c</subfield><subfield code="2">rdamedia</subfield></datafield><datafield ind1=" " ind2=" " tag="338"><subfield code="a">online resource</subfield><subfield code="b">cr</subfield><subfield code="2">rdacarrier</subfield></datafield><datafield ind1="1" ind2=" " tag="362"><subfield code="a">Print began with vol. 1, no. 1 (Aug. 7, 1824).</subfield></datafield><datafield ind1="0" ind2=" " tag="362"><subfield code="a">-v. 2, no. 52 (July 29, 1826).</subfield></datafield><datafield ind1=" " ind2=" " tag="530"><subfield code="a">Also issued in print and on microfilm.</subfield></datafield><datafield ind1=" " ind2=" " tag="538"><subfield code="a">Mode of access: World Wide Web.</subfield></datafield><datafield ind1=" " ind2=" " tag="588"><subfield code="a">Description based on: Vol. 2, no. 23 (Jan. 7, 1825); title from pdf caption (ProQuest APS Online, viewed Mar. 25, 2009).</subfield></datafield><datafield ind1=" " ind2="0" tag="650"><subfield code="a">Unitarianism</subfield><subfield code="v">Newspapers.</subfield></datafield><datafield ind1=" " ind2="0" tag="650"><subfield code="a">Universalism</subfield><subfield code="v">Newspapers.</subfield></datafield><datafield ind1=" " ind2="0" tag="651"><subfield code="a">Providence (R.I.)</subfield><subfield code="v">Newspapers.</subfield></datafield><datafield ind1=" " ind2="0" tag="651"><subfield code="a">Providence County (R.I.)</subfield><subfield code="v">Newspapers.</subfield></datafield><datafield ind1=" " ind2="7" tag="650"><subfield code="a">Unitarianism.</subfield><subfield code="2">fast</subfield><subfield code="0">(OCoLC)fst01161454</subfield></datafield><datafield ind1=" " ind2="7" tag="650"><subfield code="a">Universalism.</subfield><subfield code="2">fast</subfield><subfield code="0">(OCoLC)fst01161574</subfield></datafield><datafield ind1=" " ind2="7" tag="651"><subfield code="a">Rhode Island</subfield><subfield code="z">Providence.</subfield><subfield code="2">fast</subfield><subfield code="0">(OCoLC)fst01204977</subfield></datafield><datafield ind1=" " ind2="7" tag="651"><subfield code="a">Rhode Island</subfield><subfield code="z">Providence County.</subfield><subfield code="2">fast</subfield><subfield code="0">(OCoLC)fst01211868</subfield></datafield><datafield ind1=" " ind2="7" tag="655"><subfield code="a">Newspapers.</subfield><subfield code="2">fast</subfield><subfield code="0">(OCoLC)fst01423814</subfield></datafield><datafield ind1=" " ind2=" " tag="752"><subfield code="a">United States</subfield><subfield code="b">Rhode Island</subfield><subfield code="c">Providence</subfield><subfield code="d">Providence.</subfield></datafield><datafield ind1="1" ind2=" " tag="776"><subfield code="t">Christian telescope</subfield><subfield code="w">(DLC)   11015016</subfield><subfield code="w">(OCoLC)7050306</subfield></datafield><datafield ind1="0" ind2="0" tag="785"><subfield code="t">Christian telescope and Universalist miscellany (Online)</subfield><subfield code="w">(DLC)  2009233238</subfield><subfield code="w">(OCoLC)302291183</subfield></datafield><datafield ind1="4" ind2="0" tag="856"><subfield code="u">http://proquest.umi.com/pqdweb?RQT=318&amp;VName=HNP&amp;pmid=000041129&amp;PageNum=1&amp;TS=1237993601&amp;clientId=30345</subfield></datafield></record>